

{1:F01BRKEKZKAXXXX1601000066}{2:O1031406240116GAZPRUMMAXXX16014435862401161406N}{3:{113:RUR6}{121:74c9c16d-4713-48d7-9415-c683515a08a5}}{4:
:20:+KSU/24011603PWG
:23B:CRED
:32A:240116RUB22485134,52
:50K:/40802810090200004410
INN744510903900
LABUTINA ELENA ANATOLXEVNA (IP) //G
.MAGNITOGORSK PR.KARLA MARKSA 183-4
1//
:52A:CHINRU4CXXX
:53B:/30111810700000005787
:59:FILIAL AO m'BEREKE BANK'm PO KOSTAN
AiSKOi OBLASTI ,R. KAZAHSTAN,G.KOST
ANAi BIK 'BRKEKZKA'
:70:'(VO11100)' DLa TOO m'EXPORT BS'm R
.KAZAHSTAN, Sc 'KZ27914092203RU001A
7 'ZA KONDITERSKIE IZDELIa, SOGLASN
O DOGOVORA n 1 OT 09.01.2023G. NDS
:71A:SHA
:72:/RPP/42.240116.5.ELEK.240116.01
/DAS/240116.240116.000000.000000
/NZP/NE OBLAGAETSa
-}{5:}


{1:F01BRKEKZKAXXXX1601000280}{2:O9502310240116GAZPRUMMAXXX16014648482401162310M
}{3:{113:RUR6}}{4:
{1:F01BRKEKZKAXXXX1601000280}{2:O9502310240116GAZPRUMMAXXX16014648482401162310N
}{3:{113:RUR6}}{4:
:20:OKS2401160005787
:25:30111810700000005787
:28C:00007/00098
:60M:D240116RUB2517270983,59
:61:240116C2485134,52S103+KSU/24011603PWG
:61:240116C2542605,S103+KSU/240116042HC
:61:240116C2618850,S103+KSU/240116042HG
:61:240116C2634708,S103+KSU/240116042HA
:61:240116C2699000,S103+KSU/24011604E4T
:61:240116C2817227,12S103+KSU/240116059TT
:61:240116C3000000,S103+KSU/24011604SMV
:61:240116C3000000,S103+KSU/240116035YS
:61:240116C3132000,S103+KSU/24011605978
:61:240116C3493500,S103+KSU/2401160112V
:61:240116C3999000,S103+KSU/24011604NND
:61:240116C4195880,S103+KSU/240116059H9
:61:240116C4500000,S103+KSU/240116058GS
:61:240116C4565800,S103+KSU/24011604ZH7
:61:240116C4660000,S103+KSU/240116058IV
:62M:D240116RUB2466927278,95
-}{5:}


