{1:F01BRKEKZKAXXXX1212000127}{2:O9501043231212GAZPRUMMAXXX12124153852312121043N
}{3:{113:RUR6}}{4:
:20:OKS2312110005787
:25:30111810700000005787
:28C:00244/00115
:60M:D231211RUB1529752477,48
:61:231211C8199,96S103+KSU/2312110XXIS
:61:231211C10000,S103+KSU/2312110XXNM
:61:231211C11308,88S103+KSU/2312110XO89
:61:231211C15000,S103+KSU/2312110XXFQ
:61:231211C15000,S103+KSU/2312110XO83
:61:231211C15942,97S103+KSU/2312110X2BA
:61:231211C16605,8S103+KSU/2312110XXHX
:61:231211C16700,S103+KSU/2312110V8CF
:61:231211C20000,S103+KSU/2312110XRKM
:61:231211C20000,S103+KSU/2312110VIWJ
:61:231211C20000,S103+KSU/2312110V1AI
:61:231211C21770,S103+KSU/2312110VJ6J
:61:231211C23500,S103+KSU/2312110UOHE
:61:231211C23500,S103+KSU/2312110SD5V
:61:231211C23592,77S103+KSU/2312110XOBE
:62M:D231211RUB1529491357,10
-}{5:}

{1:F21BRKEKZKAAXXX0272092861}{4:{177:2312220806}{451:0}}{1:F01BRKEKZKAAXXX0272092861}{2:O1030206231222CITIGB2LLXXX12994874382312220806N}{3:{108:23C210926484NS01}{119:STP}{111:001}{121:a4862cfb-a038-44d8-b475-3556e61ad487}}{4:
:20:3378277105
:23B:CRED
:32A:231222USD373,46
:33B:USD373,46
:50K:/12873508
GOOGLE IRELAND LIMITED
GORDON HOUSE,BARROW STREET
DUBLIN,DUBLIN,D04 E5W5
IE
:52A:CITIGB2LXXX
:53A:CITIUS33XXX
:59:/KZ34914CP39818657996
IVANYUK DANIL VLADIMIROVICH
:70:GOOGLE ADVERTISING PAYMENT
:71A:SHA
:71F:USD0,00
-}{5:{MAC:00000000}{CHK:BDCB20EBBBE6}}{S:{SAC:}{COP:P}{MDG:2108A9E166297C21838733347438C16CA43FB25DE68206A89C896FA5CF7E36FA}}
